@online{NacionesUnidas2024,
  author = {{Naciones Unidas}},
  title = {Declaración Universal de los Derechos Humanos de las Naciones Unidas},
  year = {s.f.},
  url = {https://www.un.org/en/about-us/universal-declaration-of-human-rights},
  urldate = {2024}  
}

@online{Xie2023,
  author = {Shum Xie, Y. M.},
  title = {Estadísticas de la Situación digital, Internet y redes sociales en Guatemala 2023},
  year = {2023},
  month = {abril 27},
  url = {https://yiminshum.com/estadisticas-digital-internet-redes-sociales-guatemala-2023/},
  urldate = {2024}
}

@online{CongresoGuatemala2022,
  author = {{Congreso de la República de Guatemala}},
  title = {LENSEGUA, Ley que Fomenta la Inclusión Social},
  year = {2022},
  url = {https://www.congreso.gob.gt/noticias_congreso/9131/2022/4#gsc.tab=0},
  urldate = {2024}  
}


@online{MarzoPena2022,
  author = "Marzo Peña, A. and Rodríguez Fleitas, X. C. and Fresquet Pedroso, M. M.",
  title = "La lengua de señas. Su importancia en la educación de sordos",
  year = "2022",
  url = "https://www.redalyc.org/articulo.oa?id=360673304006",
  note = "Visitado 2024",
  organization = "Universidad Pedagógica Enrique José Varona, Cuba"
}

@online{RodriguezVelasquezSF,
  author = "Rodríguez S., M. I. and Velásquez G., R. del P.",
  title = "Historia y Gramática de la Lengua de Señas",
  year = "s.f.",
  url = "https://revistas.pedagogica.edu.co/index.php/PYS/article/view/6242/5695",
  note = "Visitado 2024",
  organization = "Universidad Pedagógica Nacional"
}

@online{RuizVilla2022,
  author = "Ruíz Villa, A.",
  title = "La lengua de señas en un mundo globalizado",
  year = "2022",
  url = "https://edu.ijd.org.mx/data/files/La-lengua-de-se-as-en-un-mundo-globalizado_Alejandra-Ruiz-Villa_VBLOG_vf_3.pdf",
  note = "Visitado 2024",
  organization = "Universidad Autónoma de Chihuahua"
}

@online{Parada2022,
  author = "Parada, D.",
  title = "La lengua de señas: puente entre dos mundos",
  year = "2022",
  month = "septiembre 24",
  url = "https://dca.gob.gt/noticias-guatemala-diario-centro-america/testimonial/la-lengua-de-senas-puente-entre-dos-mundos/",
  note = "Visitado 2024",
  organization = "Diario de Centro América"
}

@online{MelendezLabrador2021,
  author = "Meléndez-Labrador, S.",
  title = "El lugar de la lengua de señas como lengua minoritaria en la accesibilidad comunicativa universal",
  year = "2021",
  month = "septiembre 7",
  url = "https://www.redalyc.org/journal/5115/511569019004/html/",
  note = "Visitado 2024",
  organization = "Universidad del Rosario"
}

@online{Aroche2022,
  author = "Aroche, K.",
  title = "El lenguaje de señas guatemalteco",
  year = "2022",
  month = "septiembre 22",
  url = "https://aprende.guatemala.com/cultura-guatemalteca/general/el-lenguaje-de-senas-guatemalteco/",
  note = "Visitado 2024",
  organization = "Guatemala.com"
}

@online{EndangeredLanguages,
  title = "Lengua de señas guatemalteca [LENSEGUA]",
  year = "s.f.",
  url = "https://www.endangeredlanguages.com/lang/7110?hl=en",
  note = "Visitado 2024",
  organization = "Endangered Languages Project"
}

@online{deLeon2021,
  author = "de León, R. I. and Reyes de Ramos, L. and Bámaca, J. R. and Méndez, E.",
  title = "Lenguaje de señas guatemalteco (LENSEGUA)",
  year = "2021",
  month = "julio",
  url = "https://es.scribd.com/document/413170416/Manual-Lenguaje-de-Senas",
  note = "Visitado 2024",
  organization = "Comité Pro Ciegos y Sordos de Guatemala"
}

@online{CongresoGuatemala2020,
  author = "Congreso de la República de Guatemala",
  title = "Decreto número 3-2020: Ley que reconoce y aprueba la Lengua de Señas de Guatemala, LENSEGUA",
  year = "2020",
  month = "febrero 18",
  url = "https://conadi.gob.gt/web/wp-content/uploads/2021/04/Decreto-3-2020-editable.docx",
  note = "Visitado 2024",
  organization = "Diario de Centro América"
}

@online{LenseguaSF,
  title = "Información LENSEGUA",
  year = "s.f.",
  url = "https://LENSEGUA.com/",
  note = "Visitado 2024"
}

@online{PereiroMoya2021,
  author = "Pereiro, E. C. and Moya, N.",
  title = "El sorprendente lenguaje de signos 'caseros' que inventan los niños sordos",
  year = "2021",
  month = "julio 21",
  url = "https://www.guiainfantil.com/articulos/salud/logopedia/el-sorprendente-lenguaje-de-signos/",
  note = "Visitado 2024",
  organization = "Guiainfantil.com"
}

@online{EnSenasGramatica,
  title = "Gramática de las personas sordas",
  year = "s.f.",
  note = "Visitado 2024",
  author = "En-Señas"
}

@online{EnSenasTecnicas,
  title = "Técnicas y reglas para una buena interpretación",
  year = "s.f.",
  note = "Visitado 2024",
  author = "En-Señas"
}

@online{EnSenasCultura,
  title = "Cultura sorda",
  year = "s.f.",
  note = "Visitado 2024",
  author = "En-Señas"
}

@online{OrtegaSF,
  author = "Ortega, K.",
  title = "¿Qué es el diseño UI y cuáles son sus componentes?",
  year = "s.f.",
  url = "https://worldcampus.saintleo.edu/noticias/cuales-son-los-componentes-de-la-interfaz-de-usuario-elementos-del-diseno-ui",
  note = "Visitado 2024",
  organization = "Saint Leo University"
}

@online{Bustos2022,
  author = "Bustos, J. L.",
  title = "Tamaños de los objetos táctiles en una aplicación móvil",
  year = "2022",
  month = "marzo 25",
  url = "https://keepcoding.io/blog/tamanos-objetos-tactiles-aplicacion-movil/",
  note = "Visitado 2024",
  organization = "KeepCoding Bootcamps"
}

@online{Anthony2019,
  author = "Anthony, B.",
  title = "Optimal size and spacing for mobile buttons",
  year = "2019",
  month = "febrero 28",
  url = "https://uxmovement.com/mobile/optimal-size-and-spacing-for-mobile-buttons/",
  note = "Visitado 2024",
  organization = "UX Movement"
}

@online{Pickaso2022,
  author = "Team Pikaso",
  title = "Diseño de Apps: 7 Consejos Para Diseñar Botones UX/UI",
  year = "2022",
  month = "noviembre 22",
  url = "https://pickaso.com/2021/7-consejos-disenar-botones-ux-ui",
  note = "Visitado 2024",
  organization = "PICKASO"
}

@online{Becos2024,
  author = "Bescós, A.",
  title = "La Importancia Vital del Diseño Responsivo en Aplicaciones Móviles",
  year = "2024",
  month = "febrero 10",
  url = "https://www.overant.com/blog/la-importancia-vital-del-diseno-responsivo-en-aplicaciones-moviles/",
  note = "Visitado 2024",
  organization = "Overant"
}

@online{AnonimoUX,
  title = "Diseño UX en Español",
  year = "s.f.",
  url = "https://uxenespanol.com/articulo/basicos-de-ui",
  note = "Visitado 2024"
}

@online{EspacioUXSF,
  title = "Cómo crear paletas de colores para un UI fabuloso",
  year = "N.A.",
  url = "https://www.espacioux.com/blog/paletas-de-colores-ui",
  note = "Visitado 2024",
  organization = "EspacioUX"
}

@online{CamaraSevilla2023,
  author = "Cámara de Comercio de Sevilla",
  title = "El papel de la tipografía en el diseño web. ¿Cómo elegir la adecuada?",
  year = "2023",
  month = "octubre 16",
  url = "https://en.camaradesevilla.com/tipografia/",
  note = "Visitado 2024"
}

@online{Chacon2024,
  author = "Chacón, N.",
  title = "UX: guía completa sobre la experiencia de usuario",
  year = "2024",
  month = "enero 17",
  url = "https://blog.hubspot.es/website/experiencia-de-usuario-ux#que-es",
  note = "Visitado 2024",
  organization = "HubSpot"
}

@online{Leon2013,
  author = "León, R. R.",
  title = "Diseño de Experiencia de Usuario: etapas, actividades, técnicas y herramientas",
  year = "2013",
  month = "junio 6",
  url = "https://www.nosolousabilidad.com/articulos/uxd.htm",
  note = "Visitado 2024"
}

@online{Semi2022,
  author = "Semi, N.",
  title = "10 steps of the UI/UX design process every expert does!",
  year = "2022",
  month = "mayo 6",
  url = "https://bootcamp.uxdesign.cc/10-steps-of-the-ui-ux-design-process-every-expert-does-254e2a17ac34",
  note = "Visitado 2024",
  organization = "Medium"
}

@online{Anonimo2019,
  title = "¿Qué marcas de celulares prefieren en Centroamérica?",
  year = "2019",
  month = "marzo 11",
  url = "https://m.centralamericadata.com/es/article/home/Qu_marcas_de_celulares_prefieren_en_Centroamrica",
  note = "Visitado 2024",
  organization = "Central America Data"
}

@online{Shum2023,
  author = "Shum, Y. M.",
  title = "Estadísticas de la Situación digital, Internet y redes sociales Guatemala 2023",
  year = "2023",
  month = "abril 27",
  url = "https://yiminshum.com/estadisticas-digital-internet-redes-sociales-guatemala-2023/",
  note = "Visitado 2024"
}

@online{AnonimoAndroid,
  title = "Android ofrece oportunidades",
  year = "s.f.",
  url = "https://www.android.com/intl/es_es/everyone/enabling-opportunity/",
  note = "Visitado 2024",
  organization = "Android"
}

@online{RamosSF,
  author = "Ramos, J.",
  title = "¿Qué es MVC, MVP y MVVM?",
  year = "s.f.",
  url = "https://programacionymas.com/blog/android-mvc-mvp-mvvm",
  note = "Visitado 2024",
  organization = "Programación Y Más"
}

@online{Bhadoria2013,
  author = "Bhadoria, D. S.",
  title = "Android MVVM, how to use MVVM in android?",
  year = "2013",
  month = "enero 12",
  url = "https://medium.com/@dheerubhadoria/android-mvvm-how-to-use-mvvm-in-android-example-7dec84a1fb73",
  note = "Visitado 2024",
  organization = "Medium"
}

@book{PhillipsStewart2022,
  author = "Phillips, B. and Stewart, C.",
  title = "Android Programming: The Big Nerd Ranch Guide",
  edition = "Segunda edición",
  publisher = "Big Nerd Ranch", 
  year = "2022"
  
}

%---------------------------------------------------------------------------------------------
@online{Foggetti2023,
  author = {Foggetti, F. and Foggetti, F.},
  title = {Meet the Hand Talk Sign Language Translator App},
  year = {2023},
  month = {abril 11},
  url = {https://www.handtalk.me/en/blog/meet-the-hand-talk-sign-language-translator-app/},
  note = {Visitado 2024}
}

@online{SLAIT,
  author = {{SLAIT}},
  title = {Real-time Sign Language Translator with AI},
  year = {s.f.},
  url = {https://slait.ai/},
  note = {Visitado 2024}
}

@online{LenguajeDeSeñasIA,
  author = {{Lenguaje de señas IA}},
  title = {Aplicaciones en Google Play},
  year = {s.f.},
  url = {https://play.google.com/store/apps/details?id=ai.terp.www.twa},
  note = {Visitado 2024}
}

@online{AISign2023,
  author = {{AI Sign: Sign language}},
  title = {App Store},
  year = {2023},
  month = {enero 7},
  url = {https://apps.apple.com/us/app/ai-sign-sign-language/id1663187476},
  note = {Visitado 2024}
}

@online{SignLanguageTranslatorAI,
  author = {{Sign language translator AI}},
  title = {Aplicaciones en Google Play},
  year = {s.f.},
  url = {https://play.google.com/store/apps/details?id=com.siyaroll.sltranslator},
  note = {Visitado 2024}
}

@online{CongresoGuatemala,
  author = {{Congreso de la República de Guatemala}},
  title = {Día para conmemorar la inclusión social para las personas con discapacidad auditiva},
  year = {s.f.},
  url = {https://www.congreso.gob.gt/noticias_congreso/7190/2021/4#gsc.tab=0},
  note = {Visitado 2024}
}

@online{GobiernoGuatemala2022,
  author = {{Gobierno de Guatemala}, SEGEPLAN and {Comité Pro Ciegos y Sordos de Guatemala}},
  title = {SEGEPLAN y el Comité Pro Ciegos y Sordos de Guatemala comprometidos con la inclusión social de las personas con discapacidad},
  year = {2022},
  month = {octubre 19},
  url = {https://prensa.gob.gt/comunicado/segeplan-y-el-comite-pro-ciegos-y-sordos-de-guatemala-comprometidos-con-la-inclusion},
  note = {Visitado 2024}
}

@online{JoshuaProject,
  author = {{Project, J.}},
  title = {Deaf in Guatemala},
  year = {s.f.},
  url = {https://joshuaproject.net/people_groups/19007/GT},
  note = {Visitado 2024}
}

@online{EndangeredLanguages,
  author = {{Endangered Languages}},
  title = {Did you know Guatemalan Sign Language is threatened?},
  year = {s.f.},
  url = {https://www.endangeredlanguages.com/lang/7110},
  note = {Visitado 2024}
}


@online{Maze2024,
  author = "{Maze}",
  title = "{Diagramas de afinidad en UX: Cómo recolectar, organizar y agrupar datos}",
  year = {2024},
  month = {febrero 1},
  url = {https://maze.co/blog/affinity-diagrams/},
  note = {Visitado en 2024}
}

@online{Santos2024,
  author = "Santos, D.",
  title = "Qué es la técnica de los seis sombreros para pensar y cómo aplicarla",
  year = "2024",
  month = "junio 3",
  url = "https://blog.hubspot.es/?hubs_content=blog.hubspot.es%2Fmarketing%2Fseis-sombreros-para-pensar&hubs_content-cta=null",
  note = "(visitado 2024)"
}

@online{Artigas2017,
  author = "Artigas, S. G.",
  title = "Exponer problemas como habilidad esencial de UX",
  year = "2017",
  month = "junio 28",
  url = "https://torresburriel.com/weblog/exponer-problemas-una-habilidad-esencial-ux/",
  note = "(visitado 2024)"
}

@online{Hamond2024,
  author = "Hamond, M.",
  title = "{Customer Journey Map: qué es, cómo crearlo y ejemplos (con plantilla)}",
  year = "2024",
  month = "febrero 8",
  url = "https://blog.hubspot.es/service/customer-journey-map",
  note = "(visitado 2024)"
}

@online{Adobe2022,
  author = "{Adobe}",
  title = "{User flow diagram — what it is, why it’s important, and how to create one}",
  year = "2022",
  month = "noviembre 14",
  url = "https://business.adobe.com/blog/basics/how-to-make-a-user-flow-diagram",
  note = "(visitado 2024)"
}

@online{Rees2024,
  author = "Rees, D.",
  title = "{What is wireframing | Experience UX}",
  year = "2024",
  month = "febrero 27",
  url = "https://www.experienceux.co.uk/faqs/what-is-wireframing/",
  note = "(visitado 2024)"
}

@online{Design2024,
  author = "{Design}",
  title = "{Best fonts for mobile app design}",
  year = "2024",
  month = "junio 4",
  url = "https://www.justinmind.com/ui-design/best-font-mobile-app",
  note = "(visitado 2024)"
}

@online{DeLaGrana2024,
  author = "De La Grana, A.",
  title = "{Jetpack Compose vs XML: Android UI development compared}",
  year = "2024",
  month = "agosto 28",
  url = "https://qubika.com/blog/jetpack-compose-vs-xml-android-u/",
  note = "(visitado 2024)"
}


@online{Ozaltun2022,
  author = "Özaltun, S.",
  title = "{ViewBinding vs DataBinding | Diferencias y Detalles}",
  year = "2022",
  month = "Noviembre 18",
  url = "https://medium.com/huawei-developers/viewbinding-vs-databinding-differences-and-detailed-8bfd4dbe290f",
  note = "(visitado 2024)"
}

@online{AdonideFont,
  author = {{Graphique, La Boîte}},
  title = {Adonide},
  year = {s.f.},
  url = {https://www.myfonts.com/es/collections/adonide-font-la-boite-graphique},
  note = {Accedido: 2024-09-12}
}

@online{asana2024,
  author = {{Asana}},
  title = {¿Qué es Kanban?},
  year = {2024},
  url = {https://asana.com/es/resources/what-is-kanban},
  note = {Accedido: 2024-09-12}
}

